<?xml version="1.0" encoding="UTF-8"?><collection xmlns="http://www.loc.gov/MARC21/slim"><record><leader>00392nam--2200145-i-4500</leader><controlfield tag="001">000000326</controlfield><controlfield tag="002">20161230</controlfield><controlfield tag="005">20170116004041</controlfield><controlfield tag="008">060222s1000------------r-----000-0-eng-d</controlfield><datafield ind1=" " ind2=" " tag="100"><subfield code="a">Gerlach, H</subfield></datafield><datafield ind1=" " ind2=" " tag="245"><subfield code="a">Entwicklung und gegenwartiger stand der systematik der transurane</subfield></datafield><datafield ind1=" " ind2=" " tag="260"><subfield code="a">Berlin</subfield><subfield code="b">Akademie Verlag</subfield></datafield><datafield ind1=" " ind2=" " tag="300"><subfield code="a">X + 256 p. + 1 Pl</subfield></datafield><datafield ind1=" " ind2=" " tag="852"><subfield code="a">11882</subfield></datafield><datafield ind1=" " ind2=" " tag="CAT"><subfield code="a">SYS</subfield><subfield code="c">20170116</subfield><subfield code="h">004041</subfield></datafield></record></collection>